<?xml version="1.0" encoding="UTF-8"?><record xmlns="http://www.loc.gov/MARC21/slim" xmlns:cinclude="http://apache.org/cocoon/include/1.0" xmlns:zs="http://www.loc.gov/zing/srw/">
  <leader>00642nz  a2200145n  4500</leader>
  <controlfield tag="001">no2007159260</controlfield>
  <controlfield tag="003">DLC</controlfield>
  <controlfield tag="005">20080102112038.0</controlfield>
  <controlfield tag="008">071219n| acannaabn          |n ana     c</controlfield>
  <datafield tag="010" ind1=" " ind2=" ">
    <subfield code="a">no2007159260</subfield>
  </datafield>
  <datafield tag="035" ind1=" " ind2=" ">
    <subfield code="a">(OCoLC)oca07617347</subfield>
  </datafield>
  <datafield tag="040" ind1=" " ind2=" ">
    <subfield code="a">NN</subfield>
    <subfield code="b">eng</subfield>
    <subfield code="c">NN</subfield>
  </datafield>
  <datafield tag="130" ind1=" " ind2="0">
    <subfield code="a">Into the Hopper (Choreographic work : Cook)</subfield>
  </datafield>
  <datafield tag="667" ind1=" " ind2=" ">
    <subfield code="a">Chr.: Bart Cook; mus.: William Bolcom (Orpheus serenade); scen.: Huck Snyder; cost.: Holly Hynes; lighting: Mark Stanley. First perf.: New York, New York State Theater, May 8, 1988; New York City Ballet. Created for New York City Ballet's American Music Festival.</subfield>
  </datafield>
  <datafield tag="670" ind1=" " ind2=" ">
    <subfield code="a">Into the Hopper [VR] 1988</subfield>
    <subfield code="b">(Into the Hopper)</subfield>
  </datafield>
</record>